<?xml version="1.0" encoding="UTF-8"?><collection xmlns="http://www.loc.gov/MARC21/slim"><record><leader>00565nam--2200193-i-4500</leader><controlfield tag="001">000018533</controlfield><controlfield tag="002">20161230</controlfield><controlfield tag="005">20161230201032</controlfield><controlfield tag="008">060222s1000------------r-----000-0-spa-d</controlfield><datafield ind1=" " ind2=" " tag="040"><subfield code="a">IFIN-HH</subfield></datafield><datafield ind1=" " ind2=" " tag="041"><subfield code="a">spa</subfield></datafield><datafield ind1=" " ind2=" " tag="080"><subfield code="a">539.1</subfield></datafield><datafield ind1="1" ind2=" " tag="100"><subfield code="a">Rio, C. Sanchez Del</subfield></datafield><datafield ind1="1" ind2="0" tag="245"><subfield code="a">Fundamentos teoricos de la fisica atomica y nuclear</subfield><subfield code="c">C. sanchez del rio</subfield></datafield><datafield ind1=" " ind2=" " tag="260"><subfield code="a">Madrid</subfield><subfield code="b">Servicio De Publicaciones De La Jen</subfield><subfield code="c">1960</subfield></datafield><datafield ind1=" " ind2=" " tag="300"><subfield code="a">167 P</subfield></datafield><datafield ind1=" " ind2=" " tag="490"><subfield code="a">Publicaciones Cientificas De La Junta De Energia Nuclear</subfield></datafield><datafield ind1=" " ind2=" " tag="852"><subfield code="a">17721</subfield><subfield code="c">539</subfield></datafield><datafield ind1=" " ind2=" " tag="CAT"><subfield code="a">Sys</subfield><subfield code="c">20110927</subfield><subfield code="h">111611</subfield></datafield></record></collection>